@article{surani2023graph,
    title = {Graph Convolutional Neural Networks for Optimal Power Flow Locational Marginal Price},
    author = {Surani, Adrian-Petru and Sahetiya, Rahul},
    journal = {arXiv preprint arXiv:2301.09038},
    year = {2023}
}

@article{gao2023physics,
    title = {A Physics-Guided Graph Convolution Neural Network for Optimal Power Flow},
    author = {Gao, Maosheng and Yu, Juan and Yang, Zhifang and Zhao, Junbo},
    journal = {IEEE Transactions on Power Systems},
    year = {2023},
    publisher = {IEEE}
}

@article{liu2022topology,
    title = {Topology-aware graph neural networks for learning feasible and adaptive AC-OPF solutions},
    author = {Liu, Shaohui and Wu, Chengyang and Zhu, Hao},
    journal = {IEEE Transactions on Power Systems},
    year = {2022},
    publisher = {IEEE}
}

@article{liu2021graph,
    title = {Graph neural networks for learning real-time prices in electricity market},
    author = {Liu, Shaohui and Wu, Chengyang and Zhu, Hao},
    journal = {arXiv preprint arXiv:2106.10529},
    year = {2021}
}

@article{yang2022ac,
    title = {AC Optimal Power Flows: Combining Lagrangian Dual and physics-Guided Graph Neutral Networks},
    author = {Yang, Mei and Liu, Junyong and Qiu, Gao and Liu, Tingjian and Tang, Zhiyuan},
    year = {2022},
    publisher = {TechRxiv}
}

@inproceedings{owerko2020optimal,
    title = {Optimal power flow using graph neural networks},
    author = {Owerko, Damian and Gama, Fernando and Ribeiro, Alejandro},
    booktitle = {ICASSP 2020-2020 IEEE International Conference on Acoustics, Speech and Signal Processing (ICASSP)},
    pages = {5930--5934},
    year = {2020},
    organization = {IEEE}
}

@article{owerko2022unsupervised,
    title = {Unsupervised optimal power flow using graph neural networks},
    author = {Owerko, Damian and Gama, Fernando and Ribeiro, Alejandro},
    journal = {arXiv preprint arXiv:2210.09277},
    year = {2022}
}

@article{falconer2022leveraging,
    title = {Leveraging power grid topology in machine learning assisted optimal power flow},
    author = {Falconer, Thomas and Mones, Letif},
    journal = {IEEE Transactions on Power Systems},
    volume = {38},
    number = {3},
    pages = {2234--2246},
    year = {2022},
    publisher = {IEEE}
}

@article{cain2012history,
    title = {History of optimal power flow and formulations},
    author = {Cain, Mary B and Oâ€™neill, Richard P and Castillo, Anya and others},
    journal = {Federal Energy Regulatory Commission},
    volume = {1},
    pages = {1--36},
    year = {2012},
    publisher = {Citeseer}
}

@article{bienstock2019strong,
    title = {Strong NP-hardness of AC power flows feasibility},
    author = {Bienstock, Daniel and Verma, Abhinav},
    journal = {Operations Research Letters},
    volume = {47},
    number = {6},
    pages = {494--501},
    year = {2019},
    publisher = {Elsevier}
}